<?xml version="1.0" encoding="UTF-8"?><collection xmlns="http://www.loc.gov/MARC21/slim"><record><leader>00371nam--2200133-i-4500</leader><controlfield tag="001">000014699</controlfield><controlfield tag="002">20161230</controlfield><controlfield tag="005">20161230201031</controlfield><controlfield tag="008">060222s1000------------r-----000-0-eng-d</controlfield><datafield ind1=" " ind2=" " tag="080"><subfield code="a">541.13:621.35:621.762</subfield></datafield><datafield ind1=" " ind2=" " tag="100"><subfield code="a">Calusaru,A</subfield></datafield><datafield ind1=" " ind2=" " tag="245"><subfield code="a">Depunerea electronica a pulberilor metalice</subfield></datafield><datafield ind1=" " ind2=" " tag="260"><subfield code="a">Bucuresti,Editura Stiintifica Si Enciclopedica 1976. 424 P</subfield></datafield><datafield ind1=" " ind2=" " tag="852"><subfield code="a">75006</subfield></datafield></record></collection>